<record><leader>00000cas a22000007a 4500</leader><controlfield tag="001">23858207</controlfield><controlfield tag="008">910530d18681869nyuwr ne      0    0eng d</controlfield><datafield ind1=" " ind2=" " tag="010"><subfield code="a">sn 91066313 </subfield></datafield><datafield ind1=" " ind2=" " tag="040"><subfield code="a">NYS</subfield><subfield code="b">eng</subfield><subfield code="c">NYS</subfield><subfield code="d">OCLCQ</subfield></datafield><datafield ind1=" " ind2=" " tag="042"><subfield code="a">msc</subfield></datafield><datafield ind1="0" ind2="4" tag="245"><subfield code="a">The Marathon weekly news.</subfield></datafield><datafield ind1=" " ind2=" " tag="260"><subfield code="a">Marathon, N.Y. :</subfield><subfield code="b">G. Dwight Smith</subfield></datafield><datafield ind1=" " ind2=" " tag="300"><subfield code="a">v. ;</subfield><subfield code="c">55 cm.</subfield></datafield><datafield ind1=" " ind2=" " tag="310"><subfield code="a">Weekly</subfield></datafield><datafield ind1="1" ind2=" " tag="362"><subfield code="a">Began in 1868? Ceased in Jan. 1869?</subfield></datafield><datafield ind1=" " ind2=" " tag="588"><subfield code="a">Description based on: Vol. 6, no. 19 (Oct. 8, 1868).</subfield></datafield><datafield ind1=" " ind2="4" tag="651"><subfield code="a">Marathon (N.Y.)</subfield><subfield code="v">Newspapers.</subfield></datafield><datafield ind1=" " ind2=" " tag="752"><subfield code="a">United States</subfield><subfield code="b">New York</subfield><subfield code="c">Cortland</subfield><subfield code="d">Marathon.</subfield></datafield><datafield ind1="0" ind2="0" tag="785"><subfield code="t">Marathon news</subfield><subfield code="w">(DLC)sn 91066314</subfield><subfield code="w">(OCoLC)23858153</subfield></datafield><datafield ind1="1" ind2=" " tag="029"><subfield code="a">AU@</subfield><subfield code="b">000025906834</subfield></datafield></record>